
@article{bastien1998ergonomie,
  title={L'ergonomie des sites web},
  author={Bastien, JM Christian and Leulier, Corinne and Scapin, Dominique L},
  journal={Cr{\'e}er et maintenir un service Web},
  pages={111--173},
  year={1998},
  publisher={ADBS Edition}
}

@article{covid2020modeling,
  title={Modeling COVID-19 scenarios for the United States.},
  author={COVID, Team IHME and Reiner, RC and Barber, RM and Collins, JK},
  journal={Nature medicine},
  year={2020}
}
@article{rajvsp2019approach,
  title={Approach to Selecting an Appropriate Javascript Charting Library for Graphically Rich Single Page Javascript Applications1},
  author={RAJ{\v{S}}P, ALEN and JO{\v{S}}T, GREGOR and TANESKI, VIKTOR and KUHAR, SA{\v{S}}A and PAVLI{\v{C}}, LUKA},
  year={2019}
}
@article{dataviz,
  title={Data visualization J{\'u}lio Gabriel Chilela University of Houston},
  author={Benhaddou, Driss}
}
@article{boudrioua2020predicting,
  title={Predicting the COVID-19 epidemic in Algeria using the SIR model},
  author={Boudrioua, Mohamed Samir and Boudrioua, Abderrahmane},
  journal={Medrxiv},
  year={2020},
  publisher={Cold Spring Harbor Laboratory Press}
}